@ONLINE{Statista,
author = {Schmidt, Holger},
title = {Anzahl der Smartphone-Nutzer in Deutschland in den Jahren 2009 bis 2015 (in Millionen)},
month = jun,
year = {2015},
url = {http://de.statista.com/statistik/daten/studie/198959/umfrage/anzahl-der-smartphonenutzer-in-deutschland-seit-2010/}
}

@ONLINE{Definition-Webservice,
author = {Booth, David and Haas, Hugo and McCabe, Francis and  Eric Newcomer and  Champion, Michael (until March 2003) and Ferris, Chris (until March 2003) and Orchard, David (until March 2003)},
title = {Web Services Architecture},
month = feb,
year = {2004},
url = {http://www.w3.org/TR/ws-arch/}
}

@BOOK{Building-a-REST-Service,
	AUTHOR = {Kurtz, Jamie AND Wortman, Brian},
	YEAR = {2014},
	TITLE = {ASP.NET Web API 2: Building a REST Service from Start to Finish},
	EDITION = {2. Aufl.},
	ISBN = {978-1-484-20109-1},
	PUBLISHER = {Apress},
	ADDRESS = {New York},
}

@BOOK{REST-und-HTTP,
	AUTHOR = {Tilkov, Stefan AND Eigenbrodt, Martin AND Schreier, Silvia AND Wolf, Oliver},
	YEAR = {2013},
	TITLE = {REST und HTTP - Entwicklung und Integration nach dem Architekturstil des Web},
	EDITION = {3. akt. u. erw. Aufl.},
	ISBN = {978-3-864-90120-1},
	PUBLISHER = {dpunkt},
	ADDRESS = {Heidelberg},
}