@Book{EntwurfsmusterGamma,
  Author         = "Erich Gamma and John Vlissides",
  Title          = {{E}lemente wiederverwendbarer objektorientierter {S}oftware},
  Publisher      = {Addison-Wesley},
  ADDRESS      	 = "München",
  year           = 2004
}

@Book{DesignPatternsHerold,
  Author         = "Helmut Herold and Michael Klar and Susanne Klar",
  Title          = {C++, UML und Design Patterns},
  Publisher      = {Prentice Hall},
  ADDRESS      	 = "München",
  year           = 2005
}
