@ONLINE{Statista,
author = {Schmidt, Holger},
title = {Anzahl der Smartphone-Nutzer in Deutschland in den Jahren 2009 bis 2015 (in Millionen)},
month = jun,
year = {2015},
url = {http://de.statista.com/statistik/daten/studie/198959/umfrage/anzahl-der-smartphonenutzer-in-deutschland-seit-2010/}
}